<?xml version="1.0" encoding="UTF-8"?><collection xmlns="http://www.loc.gov/MARC21/slim"><record><leader>00415nam--2200145-i-4500</leader><controlfield tag="001">000027250</controlfield><controlfield tag="002">20161230</controlfield><controlfield tag="005">20161230201036</controlfield><controlfield tag="008">060222s1000------------r-----000-0-eng-d</controlfield><datafield ind1=" " ind2=" " tag="080"><subfield code="a">517.968(076.1)</subfield></datafield><datafield ind1=" " ind2=" " tag="100"><subfield code="a">Krasnov, M., Kisselev, A., Makarenko, G</subfield></datafield><datafield ind1=" " ind2=" " tag="245"><subfield code="a">Equations integrales. problemes et exercices</subfield></datafield><datafield ind1=" " ind2=" " tag="260"><subfield code="a">Moscou, Editions Mir, 1976, 208p</subfield></datafield><datafield ind1=" " ind2=" " tag="852"><subfield code="a">46151</subfield><subfield code="c">517.2/3</subfield></datafield><datafield ind1=" " ind2=" " tag="CAT"><subfield code="a">Sys</subfield><subfield code="c">20080721</subfield><subfield code="h">102111</subfield></datafield></record></collection>